<?xml version="1.0" encoding="UTF-8"?><collection xmlns="http://www.loc.gov/MARC21/slim"><record><leader>00518nam--2200169-i-4500</leader><controlfield tag="001">000030670</controlfield><controlfield tag="002">20161230</controlfield><controlfield tag="005">20161230201038</controlfield><controlfield tag="008">060222s1000------------r-----000-0-eng-d</controlfield><datafield ind1=" " ind2=" " tag="040"><subfield code="a">IFIN-HH</subfield></datafield><datafield ind1=" " ind2=" " tag="080"><subfield code="a">519.41/47</subfield></datafield><datafield ind1="1" ind2=" " tag="100"><subfield code="a">Lyubarskii, G.Ya</subfield></datafield><datafield ind1="1" ind2="0" tag="245"><subfield code="a">The application of group theory in physics. trans.from the russian</subfield><subfield code="b">Translated from the russian by stevan dedijer</subfield><subfield code="c">G.ia. lyubarskii</subfield></datafield><datafield ind1=" " ind2=" " tag="260"><subfield code="a">London</subfield><subfield code="b">Pergamon Press</subfield><subfield code="c">1960</subfield></datafield><datafield ind1=" " ind2=" " tag="300"><subfield code="a">IX + 381P</subfield></datafield><datafield ind1=" " ind2=" " tag="852"><subfield code="a">16735</subfield><subfield code="c">519.4</subfield></datafield><datafield ind1=" " ind2=" " tag="CAT"><subfield code="a">Sys</subfield><subfield code="c">20130809</subfield><subfield code="h">135031</subfield></datafield></record></collection>